<record><leader>00000cas a22000007a 4500</leader><controlfield tag="001">33951613</controlfield><controlfield tag="008">951220d196219uuaku x ne      0    0eng d</controlfield><datafield ind1=" " ind2=" " tag="010"><subfield code="a">sn 95060081 </subfield></datafield><datafield ind1=" " ind2=" " tag="040"><subfield code="a">ANE</subfield><subfield code="b">eng</subfield><subfield code="c">ANE</subfield><subfield code="d">OCLCQ</subfield><subfield code="d">OCLCF</subfield><subfield code="d">OCLCO</subfield><subfield code="d">OCLCA</subfield><subfield code="d">OCL</subfield></datafield><datafield ind1=" " ind2=" " tag="042"><subfield code="a">msc</subfield></datafield><datafield ind1=" " ind2=" " tag="043"><subfield code="a">n-us-ak</subfield></datafield><datafield ind1="0" ind2=" " tag="130"><subfield code="a">Alaska Catholic (Saint Mary's, Alaska)</subfield></datafield><datafield ind1="1" ind2="4" tag="245"><subfield code="a">The Alaska Catholic.</subfield></datafield><datafield ind1=" " ind2=" " tag="260"><subfield code="a">St. Marys, Alaska :</subfield><subfield code="b">[St. Mary's Mission]</subfield></datafield><datafield ind1=" " ind2=" " tag="300"><subfield code="a">v.</subfield></datafield><datafield ind1=" " ind2=" " tag="310"><subfield code="a">Irregular</subfield></datafield><datafield ind1="1" ind2=" " tag="362"><subfield code="a">Began in 1962?</subfield></datafield><datafield ind1=" " ind2=" " tag="515"><subfield code="a">Vol. 2, no. 4 and v. 2, no. 5 are both designated Mar.-Apr. 1963.</subfield></datafield><datafield ind1=" " ind2=" " tag="588"><subfield code="a">Description based on: Vol. 2, no. 4 (Mar.-Apr. 1963).</subfield></datafield><datafield ind1="2" ind2="0" tag="610"><subfield code="a">Catholic Church</subfield><subfield code="v">Newspapers.</subfield></datafield><datafield ind1=" " ind2="0" tag="651"><subfield code="a">Saint Mary's (Alaska)</subfield><subfield code="v">Newspapers.</subfield></datafield><datafield ind1="2" ind2="7" tag="610"><subfield code="a">Catholic Church.</subfield><subfield code="2">fast</subfield><subfield code="0">(OCoLC)fst00531720</subfield></datafield><datafield ind1=" " ind2="7" tag="651"><subfield code="a">Alaska</subfield><subfield code="z">Saint Mary's.</subfield><subfield code="2">fast</subfield><subfield code="0">(OCoLC)fst01250852</subfield></datafield><datafield ind1=" " ind2="7" tag="655"><subfield code="a">Newspapers.</subfield><subfield code="2">fast</subfield><subfield code="0">(OCoLC)fst01423814</subfield></datafield><datafield ind1=" " ind2=" " tag="752"><subfield code="a">United States</subfield><subfield code="b">Alaska</subfield><subfield code="d">Saint Mary's.</subfield></datafield><datafield ind1="1" ind2=" " tag="029"><subfield code="a">AU@</subfield><subfield code="b">000025854900</subfield></datafield></record>